@Misc{RYAscore,
  Author = "RYA",
  Title  = "\emph{RYA RACING RULES GUIDANCE}",
  Note   = "\url{https://www.rya.org.uk/racing/running-racing/guidance-good-practice/scoring}
           [Accessed: 01/03/2023]",
  year = 2022,
}

@Misc{RYApy,
  Author = "RYA",
  Title  = "\emph{Portsmouth Yardstick}",
  Note   = "\url{https://www.rya.org.uk/racing/technical/handicap-systems/portsmouth-yardstick}
           [Accessed: 08/03/2023]",
  year = 2023,
}


@Misc{sailwave,
  Author = "Sailwave",
  Title  = "\emph{Welcome to Sailwave}",
  Note   = "\url{https://www.sailwave.com/}
           [Accessed: 01/03/2023]",
  year = 2023,
}

@Misc{SailingRace,
    Author = "Pixnio",
    Note   = "\url{https://pixnio.com/sport/sailing/sailboat-race-competition-sailing-sport-yacht-sail-watercraft-regatta-water#}
           [Accessed: 01/03/2023]",
    year = "n.d",

}

@Misc{ClubManager,
  Author = "Sailing-Club-Manager",
  Title  = "\emph{Sailing Club Manager: Home}",
  Note   = "\url{https://www.sailingclubmanager.com/}
           [Accessed: 01/03/2023]",
  year = 2023,
}

@Misc{Parkrun,
  Author = "Victoria-Park-Run",
  Title  = "\emph{Results}",
  Note   = "\url{https://www.parkrun.org.uk/victoria/results/weeklyresults/?runSeqNumber=136}
           [Accessed: 15/03/2023]",
  year = 2016,
}

@Misc{SailEvent,
  Author = "Victoria-Park-Run",
  Title  = "\emph{Sail Event: cloud apps for sailing events}",
  Note   = "\url{https://sailevent.net/}
           [Accessed: 15/03/2023]",
  year = 2023,
}

@Misc{Tennis, 
  Author = "Lawn Tennis Association",
  Title  = "\emph{Dunlop West of Scotland Summer Season 2022}",
  Note   = "\url{https://competitions.lta.org.uk/sport/draw.aspx?id=7AE1038E-66CF-4E32-81E3-B9E21A53CCD6&draw=75}
           [Accessed: 15/03/2023]",
  year = 2022,
}

@Misc{Excel,
  Author = "Microsoft",
  Title  = "\emph{Microsoft Excel}",
  Note   = "\url{https://www.microsoft.com/en-gb/microsoft-365/p/excel/CFQ7TTC0HR4R?activetab=pivot:overviewtab&ef_id=Cj0KCQiAgaGgBhC8ARIsAAAyLfHZuALPYVCy_HWictrItgHXUTl0uIxEVvjj14cNnB0ld1J1mhyg62EaApaCEALw_wcB:G:s&OCID=AIDcmm409lj8ne_SEM_Cj0KCQiAgaGgBhC8ARIsAAAyLfHZuALPYVCy_HWictrItgHXUTl0uIxEVvjj14cNnB0ld1J1mhyg62EaApaCEALw_wcB:G:s&lnkd=Google_O365SMB_Brand&gclid=Cj0KCQiAgaGgBhC8ARIsAAAyLfHZuALPYVCy_HWictrItgHXUTl0uIxEVvjj14cNnB0ld1J1mhyg62EaApaCEALw_wcB}
           [Accessed: 08/03/2023]",
  year = 2023,
}

@article{hanicaps,
    author = {Wolstenholme, Linda},
    title = "{Sailing Close to the Statistics}",
    journal = {Significance},
    volume = {6},
    number = {2},
    pages = {52-57},
    year = {2009},
    month = {06},
    issn = {1740-9705},
    doi = {10.1111/j.1740-9713.2009.00349.x},
    url = {https://doi.org/10.1111/j.1740-9713.2009.00349.x},
    eprint = {https://academic.oup.com/jrssig/article-pdf/6/2/52/49110587/sign\_6\_2\_52.pdf},
}

@article{leanSoftware,
  title={Achieving leaner software},
  author={McConnell, Steve},
  journal={IEEE Software},
  volume={14},
  number={6},
  pages={128},
  year={1997},
  publisher={IEEE Computer Society}
}

@mastersthesis{Multi-sport,
author = {YING LU},
title = {A Multi-Sport Management System},
school = {University of Glasgow, School of Computing Science},
year = {2012}
}
